%============ Bibliography Syntaxe ============%
%      Just follow examples written below      %
%==============================================%

@electronic{webArticle1,
  author        = "Michael Shell",
  title         = "{IEEE}tran Homepage",
  url           = "http://www.michaelshell.org/tex/ieeetran/",
  year          = "Jan. 2007",
  note          = "[Accès le 5-Février-2016]"
}

%% You must use a backslash before special characters such as underscores, etc. in URLs
@electronic{webArticle2,
  author        = "NOM Auteur",
  organization  = "Organisme",
  title         = "titre de l'article",
  url           = "http://www.exemple-lien.org/article/?id\_art=124",
  year          = "Jan. 2015",
  note          = "[Accès le 19-Janvier-2016]"
}
@electronic{PyCharm,
  author        = "Contributors",
  title         = "pycharm presentation",
  url           = "https://en.wikipedia.org/wiki/PyCharm",
  year          = "April 2020",
  note          = "[Visited May 2020]"
}
@electronic{Postgre,
  author        = "Contributors",
  title         = "PostgreSQL presentation",
  url           = "https://en.wikipedia.org/wiki/PostgreSQL",
  year          = "May 2020",
  note          = "[Visited May 2020]"
}
@electronic{LibreOffice,
  author        = "Contributors",
  title         = "LibreOffice presentation",
  url           = "https://en.wikipedia.org/wiki/LibreOffice",
  year          = "May 2020",
  note          = "[Visited May 2020]"
}
@electronic{StarUML,
  author        = "Contributors",
  title         = "Star UML presentation",
  url           = "https://docs.staruml.io/user-guide/readme",
  year          = "December 2019",
  note          = "[Visited May 2020]"
}
@electronic{Python,
  author        = "Contributors",
  title         = "Python presentation",
  url           = "https://en.wikipedia.org/wiki/Python_(programming_language)",
  year          = "May 2020",
  note          = "[Visited May 2020]"
}@electronic{XML,
  author        = "Contributors",
  title         = "XML presentation",
  url           = "https://en.wikipedia.org/wiki/XML",
  year          = "May 2020",
  note          = "[Visited May 2020]"
}
@electronic{Methodology,
  author        = "Contributors",
  title         = "Methodology definition",
  url           = "https://en.wikipedia.org/wiki/Methodology",
  year          = "May 2020",
  note          = "[Visited May 2020]"
}