@misc{cite0,
title = {What is Scrum},
howpublished = {\url{https://www.scrum.org/resources/what-is-scrum}},
year = 2020,
note = "[access in 14 January 2020]"
}

@misc{cite1,
title = {What is UML},
howpublished = {\url{https://www.visual-paradigm.com/guide/uml-unified-modeling-language/what-is-uml/}},
year = 2020,
note = "[access in 15 January 2020]"
}

@misc{cite2,
title = {About nodejs},
howpublished = {\url{https://nodejs.org/en/about/}},
year = 2020,
note = "[access in 11 January 2020]"
}


@misc{cite3,
title = {What is react},
howpublished = {\url{https://www.w3schools.com/whatis/whatis_react.asp}},
year = 2020,
note = "[access in 20 march 2020]"
}

@misc{cite4,
title = {About redux},
howpublished = {\url{https://www.smashingmagazine.com/2018/07/redux-designers-guide/}},
year = 2020,
note = "[access in February 2020]"
}

@misc{cite5,
title = {About postman},
howpublished = {\url{https://www.postman.com/about-postman/}},
year = 2020,
note = "[access in 3 march 2020]"
}

@misc{cite6,
title = {About slack},
howpublished = {\url{https://slack.com/intl/en-tn/help/articles/115004071768-What-is-Slack-}},
year = 2020,
note = "[access in 3 march 2020]"
}

@misc{cite7,
title = {Why visual studio code},
howpublished = {\url{https://code.visualstudio.com/docs/editor/whyvscode}},
year = 2020,
note = "[access in 3 February 2020]"
}

@misc{cite8,
title = {What is Gitlab},
howpublished = {\url{https://about.gitlab.com/what-is-gitlab/}},
year = 2020,
note = "[access in 19 February 2020]"
}

@misc{cite9,
title = {What is Adobe XD},
howpublished = {\url{https://helpx.adobe.com/xd/how-to/what-is-xd.html}},
year = 2020,
note = "[access in 20 January 2020]"
}